% This file was created with JabRef 2.10.
% Encoding: UTF-8


@Article{Zahl03RSI74_1222,
  Title                    = {The flexible and modern open source scanning probe microscopy software package GXSM},
  Author                   = {Percy Zahl and Markus Bierkandt and Stefan Schr√∂der and Andreas Klust},
  Journal                  = {Review of Scientific Instruments},
  Year                     = {2003},
  Number                   = {3},
  Pages                    = {1222-1227},
  Volume                   = {74},

  Doi                      = {10.1063/1.1540718},
  Eprint                   = { 
 http://dx.doi.org/10.1063/1.1540718
 
},
  Keywords                 = {gxsm},
  Owner                    = {thorwag},
  Timestamp                = {2017.02.07},
  Url                      = { 
 http://dx.doi.org/10.1063/1.1540718
 
}
}

@Article{Zahl15IM17_38,
  Title                    = {{GXSM} - Smart {\&} Customizable {SPM} Control},
  Author                   = {Zahl, Percy and Wagner, Thorsten},
  Journal                  = {Imaging {\&} Microscopy},
  Year                     = {2015},
  Number                   = {1},
  Pages                    = {38--41},
  Volume                   = {17},

  Keywords                 = {gxsm},
  Url                      = {http://www.imaging-git.com/science/scanning-probe-microscopy/gxsm-smart-customizable-spm-control}
}

@InProceedings{Zahl10JVSTB28_C4E39,
  Title                    = {Open source scanning probe microscopy control software package {GXSM}},
  Author                   = {Zahl, Percy and Wagner, Thorsten and M{\"o}ller, Rolf and Klust, Andreas},
  Booktitle                = {J. Vac. Sci. Technol. B},
  Year                     = {2010},
  Number                   = {3},
  Pages                    = {C4E39--C4E47},
  Volume                   = {28},

  Doi                      = {10.1116/1.3374719},
  Keywords                 = {gxsm},
  Url                      = {http://link.aip.org/link/?JVB/28/C4E39/1}
}

@comment{jabref-meta: databaseType:bibtex;}

@comment{jabref-meta: selector_keywords:LEED;RHEED;}

@comment{jabref-meta: saveOrderConfig:original;abstract;false;abstract
;false;abstract;false;}

